<?xml version="1.0" encoding="UTF-8"?><collection xmlns="http://www.loc.gov/MARC21/slim"><record><leader>00300nam--2200121-i-4500</leader><controlfield tag="001">000040420</controlfield><controlfield tag="002">20161230</controlfield><controlfield tag="005">20161230201042</controlfield><controlfield tag="008">060222s1000------------r-----000-0-eng-d</controlfield><datafield ind1=" " ind2=" " tag="100"><subfield code="a">Say,M.G</subfield></datafield><datafield ind1=" " ind2=" " tag="245"><subfield code="a">Alliages magnetiques et ferrites</subfield></datafield><datafield ind1=" " ind2=" " tag="260"><subfield code="a">Paris, Dunod, 1956. Viii + 217 P. + Fig</subfield></datafield><datafield ind1=" " ind2=" " tag="852"><subfield code="a">14477</subfield></datafield></record></collection>